@article{funcional,
    author = "Gustavo Ramiro",
    title = "La Programaci√≥n Funcional: Un Poderoso Paradigma",
    number = "3",
    pages = "63-77",
    year = "2019",
    url = "http://revistas.ucasal.edu.ar/index.php/CI/article/view/182",
    keywords = "paradigm"
}