@article{logica,
 author = {Cardona Taltavull and Jordi Antoni},
 title = {Programación lógica},
 series = {Treballs Finals de Grau},
 year = {2015},
 location = {Barcelona, España},
 pages = {10--12},
 url = {http://hdl.handle.net/2445/64643},
 publisher = {Universitat de Barcelona},
 }

